<?xml version="1.0" encoding="utf-8"?>
<record xmlns="http://www.loc.gov/MARC21/slim" xmlns:xsi="http://www.w3.org/2001/XMLSchema-instance" xsi:schemaLocation="http://www.loc.gov/MARC21/slim http://www.loc.gov/standards/marcxml/schema/MARC21slim.xsd">
	<leader>     nam a22     Mi 4500</leader>
	<controlfield tag="001">6340</controlfield>
	<controlfield tag="003">aeadna</controlfield>
	<controlfield tag="006">m        d        </controlfield>
	<controlfield tag="007">cr cn |||m|||a</controlfield>
	<controlfield tag="008">220331s1908    ua 0   foar  a000 0dara d</controlfield>
	<datafield ind1=" " ind2=" " tag="040">
		<subfield code="a">ZYU</subfield>
		<subfield code="b">ara</subfield>
		<subfield code="c">ZYU</subfield>
	</datafield>
	<datafield ind1="0" ind2=" " tag="041">
		<subfield code="a">ara</subfield>
	</datafield>
	<datafield ind1=" " ind2=" " tag="043">
		<subfield code="a">a------</subfield>
		<subfield code="a">f------</subfield>
	</datafield>
	<datafield ind1=" " ind2="4" tag="050">
		<subfield code="a">D17</subfield>
		<subfield code="b">.T33 1908</subfield>
	</datafield>
	<datafield ind1="1" ind2="0" tag="082">
		<subfield code="a">956</subfield>
		<subfield code="b">21</subfield>
	</datafield>
	<datafield ind1="1" ind2=" " tag="100">
		<subfield code="6">880-01</subfield>
		<subfield code="a">Ṭabarī,</subfield>
		<subfield code="d">838?-923,</subfield>
		<subfield code="e">author.</subfield>
	</datafield>
	<datafield ind1="0" ind2="0" tag="245">
		<subfield code="6">880-02</subfield>
		<subfield code="a">Tārīkh al-umam wa-al-mulūk</subfield>
		<subfield code="h">[electronic resource] /</subfield>
		<subfield code="c">li-Abī Jaʻfar Muḥammad ibn Jarīr al-Tạbarī.</subfield>
	</datafield>
	<datafield ind1="1" ind2="3" tag="246">
		<subfield code="6">880-03</subfield>
		<subfield code="a">Muntakhab min kitāb dhayl al-mudhayyal min tārīkh al-ṣaḥābah wa al-tābiʻyn</subfield>
	</datafield>
	<datafield ind1="1" ind2="3" tag="246">
		<subfield code="6">880-04</subfield>
		<subfield code="a">Tārīkh al-Ṭabarī</subfield>
	</datafield>
	<datafield ind1="1" ind2="3" tag="246">
		<subfield code="6">880-05</subfield>
		<subfield code="a">Tārīkh al-rusul wa-al-mulūk</subfield>
	</datafield>
	<datafield ind1=" " ind2=" " tag="250">
		<subfield code="6">880-06</subfield>
		<subfield code="a">Ṭ. 1.</subfield>
	</datafield>
	<datafield ind1=" " ind2=" " tag="260">
		<subfield code="6">880-07</subfield>
		<subfield code="a">[al-Qāhirah] : al-Maṭbaʻah al-Husaynīyah al-Miṣrīyah,</subfield>
		<subfield code="c">1326 H., [1908 M.]</subfield>
	</datafield>
	<datafield ind1=" " ind2=" " tag="300">
		<subfield code="6">880-08</subfield>
		<subfield code="a">online resource (13 v. in 6)</subfield>
	</datafield>
	<datafield ind1="1" ind2=" " tag="490">
		<subfield code="6">880-09</subfield>
		<subfield code="a">Rawāʼiʻ al-Turāth al-ʻArabī</subfield>
	</datafield>
	<datafield ind1=" " ind2=" " tag="500">
		<subfield code="a">Non-Latin script record</subfield>
	</datafield>
	<datafield ind1=" " ind2=" " tag="500">
		<subfield code="a">Part of the Arabic Collections Online (ACO) project, contributed by United Arab Emirates National Archives.</subfield>
	</datafield>
	<datafield ind1=" " ind2=" " tag="533">
		<subfield code="a">Electronic reproduction.</subfield>
		<subfield code="b">New York, N.Y. :</subfield>
		<subfield code="c">New York University,</subfield>
		<subfield code="d">2022.</subfield>
		<subfield code="5">NNU</subfield>
	</datafield>
	<datafield ind1=" " ind2="0" tag="650">
		<subfield code="6">880-10</subfield>
		<subfield code="a">Umayyad dynasty</subfield>
		<subfield code="x">History</subfield>
		<subfield code="v">Early works to 1800.</subfield>
	</datafield>
	<datafield ind1=" " ind2="0" tag="650">
		<subfield code="6">880-11</subfield>
		<subfield code="a">Caliphs</subfield>
		<subfield code="x">History</subfield>
		<subfield code="v">Early works to 1800.</subfield>
	</datafield>
	<datafield ind1=" " ind2="0" tag="650">
		<subfield code="6">880-12</subfield>
		<subfield code="a">Arab</subfield>
		<subfield code="x">History</subfield>
		<subfield code="v">Early works to 1800.</subfield>
	</datafield>
	<datafield ind1=" " ind2="0" tag="650">
		<subfield code="6">880-13</subfield>
		<subfield code="a">World history</subfield>
		<subfield code="v">Early works to 1800.</subfield>
	</datafield>
	<datafield ind1=" " ind2="0" tag="650">
		<subfield code="6">880-14</subfield>
		<subfield code="a">Islam</subfield>
		<subfield code="x">History</subfield>
		<subfield code="v">Early works to 1800.</subfield>
	</datafield>
	<datafield ind1=" " ind2="0" tag="650">
		<subfield code="6">880-15</subfield>
		<subfield code="a">Abbasids</subfield>
		<subfield code="x">History</subfield>
		<subfield code="v">Early works to 1800.</subfield>
	</datafield>
	<datafield ind1=" " ind2="0" tag="651">
		<subfield code="6">880-16</subfield>
		<subfield code="a">Arab countries</subfield>
		<subfield code="x">History</subfield>
		<subfield code="v">Early works to 1800.</subfield>
	</datafield>
	<datafield ind1="2" ind2=" " tag="710">
		<subfield code="a">Abu Dhabi (United Arab Emirates).</subfield>
		<subfield code="b">National Archives.</subfield>
	</datafield>
	<datafield ind1="0" ind2=" " tag="730">
		<subfield code="a">Arabic Collections Online.</subfield>
	</datafield>
	<datafield ind1="0" ind2=" " tag="774">
		<subfield code="6">880-17</subfield>
		<subfield code="a">ʻArīb ibn Saʻd,</subfield>
		<subfield code="d">-979 or 980.</subfield>
		<subfield code="t">Ṣilat tārīkh al-Ṭabarī.</subfield>
	</datafield>
	<datafield ind1="0" ind2=" " tag="774">
		<subfield code="6">880-18</subfield>
		<subfield code="a">Ṭabarī, 838?-923.</subfield>
		<subfield code="t">Muntakhab min kitāb dhayl al-mudhayyal.</subfield>
	</datafield>
	<datafield ind1="0" ind2=" " tag="775">
		<subfield code="6">880-19</subfield>
		<subfield code="a">al-Ṭabarī, Jaʻfar Muḥammad ibn Jarīr,</subfield>
		<subfield code="b">Ṭabʻah jadīdah munqqah wa mufahrasah</subfield>
		<subfield code="d">Bayrūt : Dār al-fikr, 1979 M.</subfield>
		<subfield code="t">Tārīkh al-umam wa-al-mulūk /</subfield>
	</datafield>
	<datafield ind1="0" ind2="8" tag="776">
		<subfield code="i">Print version:</subfield>
		<subfield code="a">Ṭabarī, 838?-923, author.</subfield>
		<subfield code="t">Tārīkh al-umam wa-al-mulūk</subfield>
		<subfield code="w">(aeadna)6340</subfield>
	</datafield>
	<datafield ind1=" " ind2="0" tag="830">
		<subfield code="6">880-20</subfield>
		<subfield code="a">Rawāʼiʻ al-Turāth al-ʻArabī</subfield>
	</datafield>
	<datafield ind1="4" ind2="0" tag="856">
		<subfield code="u">http://hdl.handle.net/2333.1/qbzkhc6z</subfield>
	</datafield>
	<datafield ind1="1" ind2=" " tag="880">
		<subfield code="6">100-01</subfield>
		<subfield code="a">طبري،</subfield>
		<subfield code="d">838?-923,</subfield>
		<subfield code="e">author.</subfield>
	</datafield>
	<datafield ind1="1" ind2="0" tag="880">
		<subfield code="6">245-02</subfield>
		<subfield code="a">تاريخ الأمم والملوك /</subfield>
		<subfield code="c">لأبي جعفر محمد بن جرير الطبري</subfield>
	</datafield>
	<datafield ind1="1" ind2="3" tag="880">
		<subfield code="6">246-03</subfield>
		<subfield code="a">المنتخب من كتاب ذيل المذيل من تاريخ الصحابة والتابعين</subfield>
	</datafield>
	<datafield ind1="1" ind2="3" tag="880">
		<subfield code="6">246-04</subfield>
		<subfield code="a">تاريخ الّطبري</subfield>
	</datafield>
	<datafield ind1="1" ind2="3" tag="880">
		<subfield code="6">246-05</subfield>
		<subfield code="a">تاريخ الرسل والملوك</subfield>
	</datafield>
	<datafield ind1=" " ind2=" " tag="880">
		<subfield code="6">250-06</subfield>
		<subfield code="a">ط.1</subfield>
	</datafield>
	<datafield ind1=" " ind2=" " tag="880">
		<subfield code="6">260-07</subfield>
		<subfield code="a">[القاهرة] : المطبعة الحسينية المصرية،</subfield>
		<subfield code="c">1326 هـ.، [1908 م.]</subfield>
	</datafield>
	<datafield ind1=" " ind2=" " tag="880">
		<subfield code="6">300-08</subfield>
		<subfield code="a">13 ج. في 6 مج ؛</subfield>
		<subfield code="c">24 سم.</subfield>
	</datafield>
	<datafield ind1="1" ind2=" " tag="880">
		<subfield code="6">490-09</subfield>
		<subfield code="a">روائع التراث العربي</subfield>
	</datafield>
	<datafield ind1=" " ind2=" " tag="880">
		<subfield code="6">500-00</subfield>
		<subfield code="a">نبذة من سيرة المؤلف: محمد بن جرير بن يزيد بن كثير بن غالب الشهير بالإمام أبو جعفر الطبري، (224 هـ - 310 هـ - 839 - 923م)، مفّسر ومؤّرخ وفقيه، وُلِّقَب بإمام المفسرين، ولد بآُمل عاصمة إقليم طبرستان، ارتحل إلى الري وبغداد والكوفة والبصرة، وذهب إلى مصر فسار إلى الفسطاط في سنة 253 هـ وأخذ على علمائها علوم مالك والشافعي وابن وهب،  ورجع واستوطن بغداد، قال الخطيب البغدادي:  &quot;كان حافًظا لكتاب الله، عارًفا بالقراءات، بصيًرا بالمعاني، فقيًها في أحكام القرآن، عالًما بالسنن وطرقها، وصحيحها وسقيمها، وناسخها ومنسوخها، عارًفا بأقوال الصحابة والتابعين، ومن بعدهم من الخالفين في الأحكام، ومسائل الحلال والحرام، عارُفا بأيام الناس وأخبارهم&quot; ، ُعِرَض عليه القضاء فامتنع، والمظالم فأبى، له العديد من التصانيف</subfield>
	</datafield>
	<datafield ind1=" " ind2=" " tag="880">
		<subfield code="6">500-00</subfield>
		<subfield code="a">لون الورق : أصفر.</subfield>
	</datafield>
	<datafield ind1=" " ind2=" " tag="880">
		<subfield code="6">500-00</subfield>
		<subfield code="a">حالة الصفحات الأولى من الجزء الأول تحتاج إلى صيانة وترميم.</subfield>
	</datafield>
	<datafield ind1=" " ind2=" " tag="880">
		<subfield code="6">500-00</subfield>
		<subfield code="a">الجزء الثالث عشر:  المنتخب من كتاب ذيل المذّيل من تاريخ الصحابة والتابعين / تصنيف أبي جعفر محمد بن جرير الطبري.</subfield>
	</datafield>
	<datafield ind1=" " ind2=" " tag="880">
		<subfield code="6">500-00</subfield>
		<subfield code="a">استخدم قلم الّرصاص في وضع خطوط تحت أسطر كثيرة من الكتاب.</subfield>
	</datafield>
	<datafield ind1=" " ind2=" " tag="880">
		<subfield code="6">500-00</subfield>
		<subfield code="a">الجزء الثاني عشر :صلة تاريخ الطبري / لعريب بن سعد القرطبي .</subfield>
	</datafield>
	<datafield ind1=" " ind2=" " tag="880">
		<subfield code="6">500-00</subfield>
		<subfield code="a">يعرف هذا الكتاب أيًضا بتاريخ الطبري. وبتاريخ الّرسل والملوك. وقد أّرخ من بدء الخلق حتى سنة 320 هجرية حيث ختمه بعبارة:&quot; ..وهذا ما انتهى إلينا من هذا التاريخ والحمد لله رّب العالمين وحسبنا الله ونعم الوكيل وصلى الله على سيدنا محمد المصطفى وآله الطاهرين الطيبين وسلم تسليًما ..&quot;. ثّم تلا الجزء الثني عشر الجز الثالث عشر: &quot;المنتخب من كتاب ذْيل المذّيل من تاريخ الصحابة والتابعين&quot; تصنيف أبي جعفر محمد بن جرير بن يزيد الطبري.</subfield>
	</datafield>
	<datafield ind1=" " ind2=" " tag="880">
		<subfield code="6">500-00</subfield>
		<subfield code="a">ُوِلد في طَبِرستان في مدينة آمل، وهناك مدينتين تحمل أسم آمل وهناك خلاف حول أي المدينتين التي ينتمي لها الطبري ويرجح بعض الباحثين أن المقصودة التي في تركمانستان، عام 224 هـ، ونسبه بعض العلماء إلى قبيلة الأزد اليمنية والتي أستوطن قسم منها في المشرق الإسلامي وهو الأرجح، وكان ينأى بنفسه عن الخوض في الأنساب، وزعم المستشرق بروكلمان أنه من عنصر أعجمي ، نشأ الطبري بآمل، وتربى في أحضان والده وغمره برعايته، وتفرس فيه النباهة والذكاء والرغبة في العلم فتولى العناية به ووَّجهه منذ الطفولة إلى حفظ القرآن الكريم، كما هي عادة المسلمين في مناهج التربية الإسلامية، وخاصًة أن والده رأى رؤيا تفاءل بها خيًرا عند تأويلها. فقد رأى أبوه رؤيا في منامه أن ابنه واقف بين يدي الرسول ومعه مخلاة مملوءة بالأحجار، وهو يرمي بين يدي رسول الله، وقَّص الأب على ُمَعِّبٍر رؤياه فقال له: &quot;إن ابنك إن كبر نصح في دينه، وذَّب عن شريعة ربه&quot;. ويظهر أن الوالد أخبر ولده بهذه الرؤيا وقصها عليه عدة مرات؛ فكانت حافًزا له على طلب العلم والجد والاجتهاد فيه والاستزادة من معينه، والانكباب على تحصيله ثم العمل به، والتأليف فيه؛ ليدافع عن الحق والدين ، وظهرت على الطبري في طفولته سمات النبوغ الفكري، وبدت عليه مخايل التفتح الحاد والذكاء الخارق والعقل المتقد، والملكات الممتازة، وأدرك والده ذلك فعمل على تنميتها وحرص على الإفادة والاستفادة منها؛ فوَّجهه إلى العلماء ومعاهد الدراسة، وساعده على استغلال كل هذه الطاقات دون أن يشغله بشيء من شؤون الحياة ومطالبها، وخصص له المال للإنفاق على العلم والتعلم، وسرعان ما حقق الطبري أحلام والده، وزاد له في آماله وطموحه. وقد حرص والده على إعانته على طلب العلم منذ صباه، ودفعه إلى تحصيله، فما كاد الصبي الصغير يبلغ السن التي تؤهله للتعليم، حتى قدمه والده إلى علماء آمل، وشاهدته دروب المدينة ذاهًبا آيًبا يتأبط دواته وقرطاسه. وسرعان ما تفتح عقله، وبدت عليه مخايل النبوغ والاجتهاد، حتى قال عن نفسه: &quot;حفظت القرآن ولي سبع سنين، وصليت بالناس وأنا ابن ثماني سنين، وكتبت الحديث وأنا في التاسعة&quot;.</subfield>
	</datafield>
	<datafield ind1=" " ind2=" " tag="880">
		<subfield code="6">500-00</subfield>
		<subfield code="a">طبع الكتاب على نفقة الّسيد محمد عبد اللطيف الخطيب وشركاه، وكان الانتهاء من طباعته - كما ورد في نهاية الجزء الثاني عشر في أوائل الربيعين سنة ألف وثلثمائة وستة وعشرين من هجرة سيد المرسلين.</subfield>
	</datafield>
	<datafield ind1="1" ind2=" " tag="880">
		<subfield code="6">505-00</subfield>
		<subfield code="t">منتخب من كتاب ذيل المذيل من تاريخ الصحابة والتابعين/</subfield>
		<subfield code="r">عريب بن سعد القرطبي</subfield>
		<subfield code="g">مج12.-</subfield>
		<subfield code="t">المنتخب من كتاب ذيل المذيل من تاريخ الصحابة والتابعين/</subfield>
		<subfield code="r">تصنيف أبي جعفر محمد بن جرير الطبري.</subfield>
		<subfield code="g">مج12</subfield>
	</datafield>
	<datafield ind1=" " ind2=" " tag="880">
		<subfield code="6">520-00</subfield>
		<subfield code="a">تاريخ الأمم والملوك أو تاريخ الرسل والملوك المعروف بـ تاريخ الطبري هو كتاب في التاريخ وهو يؤرخ من بدء الخلق إلى نهاية سنة 302 هـ، وقيل سنة 309 هـ. بدأه الطبري من أخبار آدم إلى أن انتهى بأخبار زمانه. والكتاب على طريق الأخبار وبالتسلسل، وغالبه بالأسانيد، ولم يشترط الطبري ثبوت جميع ما فيه، بل أخذ بمبدأ &amp;#xab;من أسند فقد أحال&quot;. حيث يقول الطبري في مقدمة الكتاب:  &amp;#xab;فما يكن في كتابي هذا من خبر ذكرناه عن بعض الماضين مما يستنكره قارئه، أو يستشنعه سامعه، من أجل أنه لم يعرف له وجًها في الصحة، ولا معنى في الحقيقة، فليعلم أنه لم يؤت في ذلك من قبلنا، وإنما أتى من قبل بعض ناقليه إلينا، وأنا إنما أدينا ذلك على نحو ما أدى إلينا&quot;.    من طبعات الكتاب المبكرة:   طبع في ليدن بين سنة 1879 - 1901 م باعتناء دي خويه وغيره من المستشرقين. و في المطبعة الحسينية بمصر سنة 1326 هـ بعناية  محمد  عبد اللطيف الخطيب وشركاه.</subfield>
	</datafield>
	<datafield ind1=" " ind2=" " tag="880">
		<subfield code="6">533-00</subfield>
		<subfield code="a">نسخة مصورة</subfield>
	</datafield>
	<datafield ind1=" " ind2="4" tag="880">
		<subfield code="6">650-10</subfield>
		<subfield code="a">الأمويون</subfield>
		<subfield code="x">تاريخ</subfield>
		<subfield code="v">الأعمال المبكرة حتى 1800.</subfield>
	</datafield>
	<datafield ind1=" " ind2="4" tag="880">
		<subfield code="6">650-11</subfield>
		<subfield code="a">الخلفاء الراشدون</subfield>
		<subfield code="x">تاريخ</subfield>
		<subfield code="v">الأعمال المبكرة حتى 1800.</subfield>
	</datafield>
	<datafield ind1=" " ind2="4" tag="880">
		<subfield code="6">650-12</subfield>
		<subfield code="a">العرب</subfield>
		<subfield code="x">تاريخ</subfield>
		<subfield code="v">الأعمال المبكرة حتى 1800.</subfield>
	</datafield>
	<datafield ind1=" " ind2="4" tag="880">
		<subfield code="6">650-13</subfield>
		<subfield code="a">العالم</subfield>
		<subfield code="x">تاريخ</subfield>
		<subfield code="v">الأعمال المبكرة حتى 1800.</subfield>
	</datafield>
	<datafield ind1=" " ind2="4" tag="880">
		<subfield code="6">650-14</subfield>
		<subfield code="a">التاريخ الإسلامي</subfield>
		<subfield code="v">الأعمال المبكرة حتى 1800.</subfield>
	</datafield>
	<datafield ind1=" " ind2="4" tag="880">
		<subfield code="6">650-15</subfield>
		<subfield code="a">العباسيون</subfield>
		<subfield code="x">تاريخ</subfield>
		<subfield code="v">الأعمال المبكرة حتى 1800.</subfield>
	</datafield>
	<datafield ind1=" " ind2="4" tag="880">
		<subfield code="6">651-16</subfield>
		<subfield code="a">العالم العربي</subfield>
		<subfield code="x">تاريخ</subfield>
		<subfield code="v">الأعمال المبكرة حتى 1800.</subfield>
	</datafield>
	<datafield ind1="0" ind2=" " tag="880">
		<subfield code="6">774-17</subfield>
		<subfield code="a">عريب بن سعد،</subfield>
		<subfield code="d">-979 or 980.</subfield>
		<subfield code="t">صلة تاريخ الطبري</subfield>
	</datafield>
	<datafield ind1="0" ind2=" " tag="880">
		<subfield code="6">774-18</subfield>
		<subfield code="a">طبري،  838?-923.</subfield>
		<subfield code="t">منتخب من كتاب ذيل المذيل.</subfield>
	</datafield>
	<datafield ind1="0" ind2=" " tag="880">
		<subfield code="6">775-19</subfield>
		<subfield code="a">الطبري، أبي جعفر محمد بن جرير،</subfield>
		<subfield code="b">طبعة جديدة منقحة ومفهرسة</subfield>
		<subfield code="d">بيروت : دار الفكر، 1979م.</subfield>
		<subfield code="t">تاريخ الأمم والملوك /</subfield>
	</datafield>
	<datafield ind1=" " ind2="0" tag="880">
		<subfield code="6">830-20</subfield>
		<subfield code="a">روائع التراث العربي</subfield>
	</datafield>
	<datafield ind1=" " ind2=" " tag="880">
		<subfield code="6">949-00</subfield>
		<subfield code="a">956 ظ ب ت ا</subfield>
		<subfield code="v">6</subfield>
		<subfield code="w">DDC</subfield>
		<subfield code="i">30018000012117</subfield>
		<subfield code="u">08/24/2008</subfield>
		<subfield code="d">04/26/2010</subfield>
		<subfield code="e">08/24/2008</subfield>
		<subfield code="n">1</subfield>
		<subfield code="t">Book</subfield>
		<subfield code="l">i</subfield>
		<subfield code="m">MAIN</subfield>
		<subfield code="j">0</subfield>
		<subfield code="x">RAR</subfield>
	</datafield>
	<datafield ind1=" " ind2=" " tag="880">
		<subfield code="6">949-00</subfield>
		<subfield code="a">956 ظ ب ت ا</subfield>
		<subfield code="v">1</subfield>
		<subfield code="w">DDC</subfield>
		<subfield code="i">30018000012112</subfield>
		<subfield code="u">06/22/2003</subfield>
		<subfield code="d">04/26/2010</subfield>
		<subfield code="e">08/21/2008</subfield>
		<subfield code="n">1</subfield>
		<subfield code="t">Book</subfield>
		<subfield code="l">i</subfield>
		<subfield code="m">MAIN</subfield>
		<subfield code="j">0</subfield>
		<subfield code="x">RAR</subfield>
	</datafield>
	<datafield ind1=" " ind2=" " tag="880">
		<subfield code="6">949-00</subfield>
		<subfield code="a">956 ظ ب ت ا</subfield>
		<subfield code="v">2</subfield>
		<subfield code="w">DDC</subfield>
		<subfield code="i">30018000012118</subfield>
		<subfield code="u">06/22/2003</subfield>
		<subfield code="d">04/26/2010</subfield>
		<subfield code="n">0</subfield>
		<subfield code="t">Book</subfield>
		<subfield code="l">av</subfield>
		<subfield code="m">MAIN</subfield>
		<subfield code="x">RAR</subfield>
	</datafield>
	<datafield ind1=" " ind2=" " tag="880">
		<subfield code="6">949-00</subfield>
		<subfield code="a">956 ظ ب ت ا</subfield>
		<subfield code="v">3</subfield>
		<subfield code="w">DDC</subfield>
		<subfield code="i">30018000012113</subfield>
		<subfield code="u">06/22/2003</subfield>
		<subfield code="d">04/26/2010</subfield>
		<subfield code="e">08/21/2008</subfield>
		<subfield code="n">1</subfield>
		<subfield code="t">Book</subfield>
		<subfield code="l">i</subfield>
		<subfield code="m">MAIN</subfield>
		<subfield code="j">0</subfield>
		<subfield code="x">RAR</subfield>
	</datafield>
	<datafield ind1=" " ind2=" " tag="880">
		<subfield code="6">949-00</subfield>
		<subfield code="a">956 ظ ب ت ا</subfield>
		<subfield code="v">5</subfield>
		<subfield code="w">DDC</subfield>
		<subfield code="i">30018000012114</subfield>
		<subfield code="u">06/22/2003</subfield>
		<subfield code="d">04/26/2010</subfield>
		<subfield code="n">0</subfield>
		<subfield code="t">Book</subfield>
		<subfield code="l">i</subfield>
		<subfield code="m">MAIN</subfield>
		<subfield code="j">0</subfield>
		<subfield code="x">RAR</subfield>
	</datafield>
	<datafield ind1=" " ind2=" " tag="880">
		<subfield code="6">949-00</subfield>
		<subfield code="a">956 ظ ب ت ا</subfield>
		<subfield code="v">4</subfield>
		<subfield code="w">DDC</subfield>
		<subfield code="i">30018000012116</subfield>
		<subfield code="u">06/22/2003</subfield>
		<subfield code="d">04/26/2010</subfield>
		<subfield code="e">08/24/2008</subfield>
		<subfield code="n">1</subfield>
		<subfield code="t">Book</subfield>
		<subfield code="l">i</subfield>
		<subfield code="m">MAIN</subfield>
		<subfield code="j">0</subfield>
		<subfield code="x">RAR</subfield>
	</datafield>
	<datafield ind1=" " ind2=" " tag="959">
		<subfield code="a">NNU</subfield>
		<subfield code="b">WEB</subfield>
		<subfield code="c">GENI</subfield>
		<subfield code="t">0</subfield>
		<subfield code="m">Electronic access</subfield>
		<subfield code="s">01</subfield>
	</datafield>
	<datafield ind1=" " ind2=" " tag="999">
		<subfield code="i">aeadna_6340</subfield>
		<subfield code="s">uaena_aco000086:1</subfield>
		<subfield code="s">uaena_aco000087:2</subfield>
		<subfield code="s">uaena_aco000088:3</subfield>
		<subfield code="s">uaena_aco000089:4</subfield>
		<subfield code="s">uaena_aco000090:5</subfield>
		<subfield code="s">uaena_aco000091:6</subfield>
		<subfield code="e">(ERROR-880)</subfield>
		<subfield code="s">uaena_aco000086:1</subfield>
		<subfield code="s">uaena_aco000087:2</subfield>
		<subfield code="s">uaena_aco000088:3</subfield>
		<subfield code="s">uaena_aco000089:4</subfield>
		<subfield code="s">uaena_aco000090:5</subfield>
		<subfield code="s">uaena_aco000091:6</subfield>
	</datafield>
</record>
